@book{ops_book,
  author = {Slack, N and Brandon-Jones, A and Johnston, R and Singh, H and Phihlela, K},
  year = {2017},
  title = {Operations Management},
  edition = {3},
  address = {Cape Town},
  publisher = {Pearson}
}

@book{ent_book,
  author = {Kuratko, D F},
  year = {2016},
  title = {Entrepreneurship: Theory, Process, Practice},
  edition = {3},
  address = {Cape Town},
  publisher = {Pearson}
}

@book{eco_book,
  author = {Parkin, M},
  year = {2016},
  title = {Microeconomics},
  edition = {12},
  address = {Essex},
  publisher = {Pearson}
}

@book{mcdonalds,
    title = {Essential Operations Management},
    author = {Hill, T},
    year = {2011},
    address = {New {Y}ork, {NY}},
    publisher = {Macmillan Education UK}
}